<collection xmlns="http://www.loc.gov/MARC21/slim">
<record>
  <leader>01427nam0a2200265 i 450 </leader>
  <controlfield tag="001">IT\ICCU\CNCE\009563</controlfield>
  <controlfield tag="005">19990917000000.0</controlfield>
  <datafield tag="012" ind1=" " ind2=" ">
    <subfield code="a">orhe lee. pei- taan (C) 1587 (R)</subfield>
    <subfield code="2">fei</subfield>
  </datafield>
  <datafield tag="100" ind1=" " ind2=" ">
    <subfield code="a">19970101d1587        0itac0103    ba</subfield>
  </datafield>
  <datafield tag="101" ind1=" " ind2=" ">
    <subfield code="a">ITA</subfield>
  </datafield>
  <datafield tag="102" ind1=" " ind2=" ">
    <subfield code="a">IT</subfield>
  </datafield>
  <datafield tag="200" ind1="1" ind2=" ">
    <subfield code="a">Lettera pastorale di monsignor illustrissimo, et reuerendissimo card. Borromeo, arciuescouo di Milano scritta al suo popolo. Ne laquale diffusamente si dichiara, che cosa sia l&apos;anno santo del giubileo ... Aggiuntoui di nuouo le poste d&apos;Italia</subfield>
  </datafield>
  <datafield tag="210" ind1=" " ind2=" ">
    <subfield code="a">In Venetia</subfield>
    <subfield code="c">\Fabio e Agostino Zoppini!</subfield>
    <subfield code="d">1587</subfield>
  </datafield>
  <datafield tag="215" ind1=" " ind2=" ">
    <subfield code="a">\8! c.</subfield>
    <subfield code="d">4ʻ</subfield>
  </datafield>
  <datafield tag="620" ind1=" " ind2=" ">
    <subfield code="a">IT</subfield>
    <subfield code="d">Venezia</subfield>
  </datafield>
  <datafield tag="700" ind1=" " ind2="0">
    <subfield code="a">Carlo</subfield>
    <subfield code="c"> : Borromeo</subfield>
    <subfield code="c"> &lt;santo&gt;</subfield>
    <subfield code="3">IT\ICCU\CNCA\000179</subfield>
  </datafield>
  <datafield tag="712" ind1="0" ind2="0">
    <subfield code="a">Zoppini, Fabio &amp; Zoppini, Agostino</subfield>
    <subfield code="3">IT\ICCU\CNCT\000445</subfield>
    <subfield code="4">650</subfield>
  </datafield>
  <datafield tag="790" ind1=" " ind2="1">
    <subfield code="a">Borromeo,</subfield>
    <subfield code="b">Carlo</subfield>
    <subfield code="3">IT\ICCU\CNCA\008182</subfield>
    <subfield code="z">Carlo : Borromeo &lt;santo&gt;</subfield>
  </datafield>
  <datafield tag="791" ind1="0" ind2="0">
    <subfield code="a">Zopinus, Fabius &amp; Zopinus, Augustinus</subfield>
    <subfield code="3">IT\ICCU\CNCT\004192</subfield>
    <subfield code="z">Zoppini, Fabio &amp; Zoppini, Agostino</subfield>
  </datafield>
  <datafield tag="791" ind1="0" ind2="2">
    <subfield code="a">Fabio &amp; Agostino</subfield>
    <subfield code="3">IT\ICCU\CNCT\004193</subfield>
    <subfield code="z">Zoppini, Fabio &amp; Zoppini, Agostino</subfield>
  </datafield>
  <datafield tag="791" ind1="0" ind2="0">
    <subfield code="a">Zoppino, Fabio &amp; Zoppino, Agostino</subfield>
    <subfield code="3">IT\ICCU\CNCT\005837</subfield>
    <subfield code="z">Zoppini, Fabio &amp; Zoppini, Agostino</subfield>
  </datafield>
  <datafield tag="791" ind1="0" ind2="0">
    <subfield code="a">Zopinis, Fabius de &amp; Zopinis, Augustinus de</subfield>
    <subfield code="3">IT\ICCU\CNCT\005838</subfield>
    <subfield code="z">Zoppini, Fabio &amp; Zoppini, Agostino</subfield>
  </datafield>
  <datafield tag="801" ind1=" " ind2="3">
    <subfield code="a">IT</subfield>
    <subfield code="b">ICCU</subfield>
    <subfield code="c">20201113</subfield>
  </datafield>
  <datafield tag="899" ind1=" " ind2=" ">
    <subfield code="a">Biblioteca Palatina. Parma</subfield>
    <subfield code="1">PR0072</subfield>
    <subfield code="2">PAR PA</subfield>
  </datafield>
  <datafield tag="899" ind1=" " ind2=" ">
    <subfield code="a">Biblioteca comunale Forteguerriana. Pistoia</subfield>
    <subfield code="1">PT0025</subfield>
    <subfield code="2">RT1 IE</subfield>
  </datafield>
</record>
</collection>
